<?xml version="1.0" encoding="UTF-8"?><collection xmlns="http://www.loc.gov/MARC21/slim"><record><leader>00535nam--2200193-i-4500</leader><controlfield tag="001">000012623</controlfield><controlfield tag="002">20161230</controlfield><controlfield tag="005">20161230201029</controlfield><controlfield tag="008">060222s1000------------r-----000-0-rus-d</controlfield><datafield ind1=" " ind2=" " tag="040"><subfield code="a">IFIN-HH</subfield></datafield><datafield ind1=" " ind2=" " tag="041"><subfield code="a">rus</subfield></datafield><datafield ind1=" " ind2=" " tag="080"><subfield code="a">535.33:535.34:539.19:541.2</subfield></datafield><datafield ind1="1" ind2=" " tag="100"><subfield code="a">Zamaraev, K.I</subfield></datafield><datafield ind1="1" ind2="0" tag="245"><subfield code="a">Spinovi obmen</subfield><subfield code="b">Teoria i fiziko-himiceskie prilojenia</subfield><subfield code="c">K.i. zamaraev; yu.n. molin; k.m. salihov</subfield></datafield><datafield ind1=" " ind2=" " tag="260"><subfield code="a">Novosbirsk</subfield><subfield code="b">Nauka</subfield><subfield code="c">1977</subfield></datafield><datafield ind1=" " ind2=" " tag="300"><subfield code="a">317P</subfield></datafield><datafield ind1="1" ind2=" " tag="700"><subfield code="a">Salihov, K.M</subfield></datafield><datafield ind1=" " ind2=" " tag="852"><subfield code="a">45286</subfield><subfield code="c">535.33</subfield></datafield><datafield ind1=" " ind2=" " tag="CAT"><subfield code="a">Sys</subfield><subfield code="c">20101214</subfield><subfield code="h">122413</subfield></datafield></record></collection>